<?xml version="1.0" encoding="UTF-8"?><collection xmlns="http://www.loc.gov/MARC21/slim"><record><leader>00392nam--2200133-i-4500</leader><controlfield tag="001">000016540</controlfield><controlfield tag="002">20161230</controlfield><controlfield tag="005">20161230201031</controlfield><controlfield tag="008">060222s1000------------r-----000-0-eng-d</controlfield><datafield ind1=" " ind2=" " tag="245"><subfield code="a">Integrable systems in quantum field theory and statistical mechanics</subfield></datafield><datafield ind1=" " ind2=" " tag="260"><subfield code="a">Tokyo, Kinokuniya Company Ltd., 1989-</subfield></datafield><datafield ind1=" " ind2=" " tag="490"><subfield code="a">Advanced Studies In Pure Mathematics</subfield></datafield><datafield ind1=" " ind2=" " tag="700"><subfield code="a">M.Jimbo/S.A.</subfield></datafield><datafield ind1=" " ind2=" " tag="852"><subfield code="a">80570</subfield></datafield></record></collection>